2798 4912
632 338 797 421 CON

182 491 789 575 10001001000000.)10000000
801 490 913 552 Urbani
924 488 985 551 IlX
995 501 1023 550 et
1034 487 1194 554 innocentii
1204 493 1238 559 X

184 624 206 647 .
225 580 394 640 Pontificum
407 580 459 636 &u
480 595 548 634 cum
564 573 603 633 H.
618 573 769 652 conringii
784 574 934 650 prooemio.
954 575 986 629 4⁰
1005 572 1098 631 Helm.
1112 573 1197 632 1651.

144 660 152 683 ·’
184 683 341 705 -1--—-
357 659 402 717 De
416 653 647 734 Antiquitatibus
670 652 854 711 Academicis
876 653 1094 711 Dissertationcs
1107 672 1166 722 sex,
1186 653 1238 713 lta·

223 740 291 799 bitae
306 741 335 796 in
349 735 510 796 Academia
521 734 603 793 Jvlia.
624 735 656 790 4⁰
676 733 769 790 Helm.
782 731 868 790 1651.

185 844 344 867 —-·-
359 814 496 875 Defensio
508 812 647 872 Ecclesiae
664 812 890 870 protestantium
904 809 1053 870 adrersrm
1066 809 1124 870 dvo
1139 812 1239 873 Ponti·

224 897 354 957 liciorum
369 896 557 975 Argumenta.
579 895 611 949 4⁰
632 893 749 950 Helmst.
764 888 851 948 1654.

125 989 131 994 “
187 1005 346 1023 ---
358 974 618 1036 Frndamentorrm
628 970 707 1030 Fidei
720 969 877 1028 Pontificiae
889 968 1051 1029 Concessio.
1072 971 1103 1027 4⁰
1123 972 1241 1029 Helmrr.

185 1166 344 1183 —-—
356 1133 515 1211 Responsio
534 1131 571 1191 ad
590 1130 776 1191 Valerianum
800 1130 944 1209 Magnum
966 1148 1020 1205 pro
1042 1149 1093 1187 sua
1112 1125 1243 1189 Concus-

225 1214 304 1271 sione
316 1211 584 1271 Fundamentorum
598 1210 680 1269 Fidei
694 1209 863 1271 Pontificiae.
884 1210 916 1266 4⁰
936 1210 1051 1267 Hetrust.
1066 1208 1151 1265 1654.

359 1286 625 1349 Animadversiones
635 1291 666 1347 in
677 1283 841 1368 Christoplr.
854 1286 996 1347 Harnoldi
1008 1287 1152 1346 Libellum
1165 1288 1243 1347 Con·

226 1367 381 1425 cursionio
403 1368 539 1444 positum.
560 1368 592 1425 4⁰
613 1366 701 1425 1654.

188 1472 348 1490 -—-—
360 1388 494 1504 06101000
508 1444 610 1506 Libelli
622 1462 640 1503 a
652 1444 722 1505 Vito
734 1446 935 1507 Erbermauno
950 1447 1130 1505 Concunr'mri
1150 1465 1243 1526 oppo-

230 1525 285 1581 siti.
306 1526 338 1581 4⁰
359 1526 447 1583 1654.

190 1631 347 1651 ---
361 1603 521 1682 Responsio
533 1604 619 1666 altera
632 1624 689 1677 pro
701 1618 754 1664 sua
768 1606 960 1665 Concussione
975 1602 1244 1666 Fundamentorum

230 1682 310 1742 Fidei
326 1684 498 1744 Pontificiae.
521 1688 555 1759 40,
573 1685 790 1743 Helmst.1655.

191 1793 347 1810 —-··-
361 1760 668 1824 Historia'lilectionis
689 1762 848 1824 Alexandri
863 1764 931 1825 Vll.
955 1764 1053 1844 Papae
1065 1783 1135 1825 cum
1148 1765 1246 1845 Opus·

230 1841 303 1900 culis
316 1845 400 1901 variis
412 1844 540 1925 ejusdem
555 1845 741 1924 Argumenti.
761 1846 792 1901 4⁰
814 1843 1004 1903 Herm-165⁷.

190 1949 347 1967 ———-
362 1923 632 1984 Animadversioncs
646 1928 675 1983 in
691 1923 813 1982 fratrum
839 1923 961 1982 Adriani
982 1932 1013 1982 et
1034 1924 1111 1984 Petri
1124 1922 1161 1982 de
1174 1923 1248 1984 Wa-

227 1999 365 2060 lenbvrch
380 2004 529 2080 Conringri
548 2004 654 2063 laudati
670 2012 700 2061 et
714 2006 836 2064 correcti
858 2004 974 2064 Partem
996 2004 1125 2081 priorem
1138 2000 1175 2064 de
1188 2004 1248 2064 Vo-

227 2084 341 2141 catioue
373 2086 597 2167 extraordinaria
632 2084 795 2161 primorum
829 2083 967 2143 Ecclesiae
1003 2082 1248 2144 Reformatorum.

228 2160 339 2220 Quibus
352 2165 440 2224 etiam
454 2185 506 2223 sua
520 2165 678 2223 Concussio
692 2164 958 2223 Fundamentorum
979 2162 1062 2224 Fidei
1086 2162 1247 2223 Pontificiae

228 2236 265 2295 ab
278 2238 381 2317 iniquo
393 2252 497 2303 contra
509 2243 699 2321 Evangettcos
711 2244 800 2302 abusu
812 2242 982 2303 vindicatur.
1003 2243 1036 2299 4⁰
1055 2244 1149 2301 Helm.
1161 2242 1248 2303 1663.

189 2320 548 2397 —Propoliticm
587 2320 716 2391 Adiecta
735 2330 804 2377 sunt
825 2318 954 2391 ejusdem
979 2326 1013 2375 ut
1033 2320 1101 2378 &A
1115 2316 1249 2399 Hopperi

134 2396 137 2401 ’
228 2394 367 2450 nonnulla
379 2396 418 2451 de
430 2394 509 2451 rana
519 2394 547 2450 &
559 2396 626 2449 reia
637 2392 881 2471 Jurisprutlentia.
902 2396 935 2452 40
953 2394 1047 2454 Helm.
1058 2395 1145 2457 1663.

190 2495 349 2516 ---
362 2470 409 2529 De
421 2470 502 2528 Bello
511 2478 613 2529 contra
625 2469 738 2528 Turcas
754 2470 909 2548 prudenter
923 2474 1051 2552 gerendo
1075 2474 1154 2533 Libri
1169 2479 1250 2549 rarii,

229 2547 465 2687 iffii’lgfflo
477 2548 635 2608 Volumina
658 2549 738 2618 editi,
757 2567 828 2608 cura
841 2546 1004 2610 Hermanni
1018 2552 1176 2634 conringii.
1217 2554 1253 2631 4⁰,

190 2736 349 2752 —-—-
362 2704 409 2766 De
431 2709 627 2786 antiquissimo
648 2715 721 2766 statu
743 2705 933 2769 Helmestadii
944 2718 975 2767 et
987 2708 1112 2770 Viciniae
1127 2708 1250 2773 Coniec-

231 2796 314 2845 turoe.
335 2788 368 2844 4⁰
388 2786 518 2845 Helmest.
533 2787 619 2847 1666.

192 2895 351 2912 --—-
364 2866 501 2945 Epistulae
516 2867 658 2925 hactenus
670 2868 794 2947 sparsim
820 2864 915 2935 editae,
930 2888 1010 2926 nunc
1035 2871 1064 2927 in
1088 2890 1147 2929 uno
1160 2868 1250 2930 Volu-

231 2946 312 3003 mine
326 2945 556 3023 comprehensae.
598 2948 641 3004 De
656 2949 732 3005 varia
746 2947 894 3006 Doctrina.
915 2949 947 3005 4⁰
968 2949 1195 3009 110101011666.

364 3026 492 3102 Epistola
514 3028 707 3085 Gratulatoria
729 3028 828 3086 natalis
841 3028 879 3085 ad
894 3029 929 3085 D.
946 3029 1111 3107 Augustum
1134 3031 1249 3091 Ducem

231 3104 353 3163 Brunsr.
367 3114 398 3162 et
413 3105 524 3163 Liiueb.
547 3108 579 3162 4⁰
600 3107 729 3164 Helmeat.
743 3106 829 3165 1666.

363 3182 410 3241 De
425 3183 546 3242 Habitus
557 3185 722 3263 Corporum
738 3188 978 3247 Germanicorum
1000 3193 1109 3270 antiqui
1131 3192 1158 3248 &
1183 3193 1250 3251 nori

230 3258 341 3320 causis.
360 3262 393 3319 4⁰
413 3262 504 3322 Helm.
517 3263 603 3322 1666.

679 3345 818 3405 Annotat.
839 3348 992 3406 uberrimis
1013 3349 1179 3410 dilucidavit
1200 3352 1249 3411 Jo.

230 3417 384 3496 Philippus
399 3421 602 3502 Burnrgravius,
623 3423 662 3481 fil.
683 3427 714 3482 60
735 3426 832 3484 Frmrc.
847 3429 886 3484 nd
899 3429 986 3486 Mem
1005 3429 1089 3488 1727.

188 3470 489 3639 Uhgpilsgqlg
502 3502 697 3562 Gratulatoria
710 3503 745 3562 ad
760 3507 884 3584 August.
907 3507 1022 3566 Ducem
1047 3508 1248 3569 Bruusvicens.

377 3592 397 3636 r.
491 3625 497 3638 .

188 3685 346 3705 -——-
367 3657 534 3720 Vindicatio
554 3679 672 3722 saonam
696 3664 726 3721 in
749 3662 841 3738 Epist.
865 3664 995 3743 gratulat.
1020 3664 1055 3722 ad
1077 3666 1248 3744 Augustum

227 3734 343 3795 Ducem
357 3737 480 3797 Brunsv.
504 3741 532 3797 la
547 3740 660 3820 Lyneb.
673 3741 710 3799 de
724 3742 753 3799 S.
767 3740 874 3800 Ebraeo
896 3743 1004 3802 Codice
1026 3744 1188 3816 Dictorum,
1210 3748 1247 3806 ab

218 3812 419 3891 »iniquissimis
428 3817 579 3878 calumniis
594 3820 731 3879 Matthiae
743 3820 907 3879 Wasmuth.
921 3817 962 3879 v4⁰
984 3824 1075 3880 Helm:
1091 3824 1176 3884 1667.

189 3896 448 4031 ffiaeffi
459 3896 636 3974 Injuriarum
652 3902 780 3959 instituta
795 3901 823 3958 in
839 3901 996 3961 ti'latthiam
1011 3903 1050 3961 W
1052 3904 1177 3963 asmuth.
1214 3907 1246 3964 4⁰

189 4076 350 4093 —-
361 4046 491 4113 Censura
501 4056 675 4137 Diplomatis
687 4058 766 4139 quod
781 4059 927 4120 Ludoviro
942 4061 1112 4140 Imperatori
1126 4062 1184 4123 sert
1197 4084 1245 4126 ac·

228 4135 350 4203 ceptum
362 4125 536 4193 Coertobium
548 4138 746 4199 Lindariense.
766 4142 798 4197 4⁰
817 4142 910 4198 Helm.
921 4141 1007 4201 16702.

188 4234 348 4251 —-
361 4205 405 4265 De
419 4207 647 4291 Antiquitatibus
661 4218 845 4279 Academicis
864 4221 1089 4281 Dissertationes.
1110 4223 1245 4282 Accessit

226 4283 498 4379 &We-mmmm
511 4293 639 4367 ejusdem
649 4300 825 4377 Argumenti
840 4300 927 4358 Liber
937 4300 1029 4370 Vnus,
1040 4302 1146 4377 quibus
1158 4300 1242 4380 Reip.

224 4359 361 4424 lateranas
375 4384 470 4455 omnis
482 4369 548 4434 AEvi
561 4382 651 4437 status
663 4376 831 4439 illustratur.
850 4381 882 4441 4⁰
901 4381 994 4442 Helm.
1006 4381 1091 4439 tort.

265 4439 342 4503 Vct.
358 4443 399 4508 11.
688 4458 710 4516 3
724 4458 753 4516 G
990 4458 1244 4521 CONRINGIUS
