2798 4912
622 252 774 330 DIO

175 401 387 464 DIODORUS
407 400 526 459 Siculus.
565 400 751 461 Bibliothecae
768 401 920 462 Historieae
934 400 1014 462 Libri
1027 421 1077 460 xv.
1098 401 1164 461 Hoc
1176 412 1232 471 est,

216 492 361 560 quotquot
370 482 473 540 Graece
482 492 581 538 extant
590 480 627 539 de
638 481 839 559 quadraginta,
849 501 977 561 quorum
992 501 1019 540 v.
1033 500 1112 540 nunc
1123 484 1232 539 iterum

216 560 319 619 Latine
342 560 494 637 diligenter
514 562 667 639 recogniti,
688 563 715 618 be
735 561 927 639 Chronologia
946 561 1073 619 illustrati
1094 560 1234 619 eduntur.

216 640 373 713 interjecta
385 658 452 697 rero
468 650 510 696 est
523 639 625 717 Dictys
639 640 781 699 Cretensis
795 642 821 698 δι
833 640 946 699 Daretis
969 639 1088 717 Phrygii
1100 639 1137 698 de
1152 639 1234 698 bello

216 718 342 793 Trojano
356 718 490 785 Historia,
509 722 536 775 ἃ
548 718 741 796 'l'rypbiodori
765 721 906 796 Aegyptii
926 718 970 776 Ilii
991 718 1146 785 excidium,
1167 722 1235 777 Gu-

215 797 314 856 lielrno
335 796 488 874 Xylandro
511 799 630 875 interpr.
643 797 679 856 ad
700 798 890 876 supplendam
904 798 1035 855 lacunam
1051 800 1183 874 quinque
1196 797 1235 855 li·

214 876 346 944 brorum,
366 878 416 955 qui
439 878 513 935 inter
533 879 670 954 quintum
693 879 720 934 &
741 877 929 935 undecimum
946 874 1153 935 desiderantur.
1195 875 1236 934 ln

214 955 294 1012 calce
313 956 410 1033 operis
429 973 574 1013 accessere
596 954 769 1033 Fragmenta
792 956 937 1015 Historica
956 955 1086 1030 ejusdem
1108 954 1237 1014 Diodori

216 1032 318 1092 latine
333 1053 422 1093 uersa.
443 1032 493 1091 lul.
513 1033 683 1094 3001573.

174 1138 570 1159 ·------
583 1112 666 1171 made
680 1113 795 1192 English
808 1114 851 1192 by
864 1115 902 1172 G.
923 1112 1018 1173 Bootlr
1039 1112 1074 1172 ol
1089 1113 1139 1173 the
1161 1112 1233 1191 cny

213 1190 248 1250 01
263 1190 384 1249 chester
396 1192 473 1269 Esq'.
495 1190 543 1248 fot.
565 1192 655 1251 lond.
671 1192 757 1251 1700.

490 1303 569 1314 —
585 1274 676 1330 Germ.
697 1271 745 1330 sol.
765 1269 834 1331 Bas.
849 1272 935 1337 1554.

582 1352 649 1410 Ital.
669 1349 706 1409 da
719 1352 877 1411 Francesco
890 1349 1021 1410 Baldelli.
1048 1352 1157 1410 2tom.
1199 1350 1239 1409 4⁹

174 1428 508 1568 fflfflflmoire
520 1507 572 1567 des
586 1510 771 1568 Successeurs
791 1507 830 1567 de
848 1507 1012 1567 Alexandre
1024 1508 1051 1565 le
1066 1504 1167 1568 Grand
1178 1525 1235 1567 ex·

212 1588 313 1645 traicte
337 1585 373 1645 de
396 1587 522 1646 Diodore
546 1588 684 1646 Sicilien:
704 1597 734 1645 et
751 1588 874 1665 quelque
888 1607 944 1664 peu
959 1587 996 1644 de
1009 1586 1077 1646 Vies
1090 1589 1234 1663 eseriptes

211 1683 268 1741 par
286 1665 475 1746 Plutharque,
495 1667 590 1725 traml.
613 1686 666 1745 par
688 1670 805 1726 messire
829 1666 938 1724 Claude
959 1665 996 1723 de
1018 1666 1139 1744 Seyssel.
1179 1664 1234 1727 fot.

172 1745 398 1882 *ffb-belz
412 1822 495 1882 Trois
508 1827 647 1903 prcmiers
663 1825 759 1885 Lirres
772 1823 808 1883 de
822 1824 969 1881 l'llistoire
987 1821 1024 1881 de
1043 1822 1170 1883 Diodoro
1181 1824 1233 1883 Si·

211 1902 309 1969 cilien,
319 1902 558 2040 Historiograplfflre
569 1908 655 1970 Grec,
664 1904 817 1962 translatez
827 1901 864 1960 de
877 1903 960 1961 Latin
971 1922 1007 1960 en
1017 1903 1161 1981 Francuys
1173 1920 1231 1980 par

211 1982 329 2039 maistre
343 1980 517 2041 Anthoinet
541 1983 646 2041 acault.
666 1985 698 2041 8⁰
717 1984 787 2041 Por.
798 1983 884 2041 1541.

173 2054 390 2128 DIOGENES,
409 2080 435 2118 0.
457 2080 581 2119 annom.
707 2064 714 2073 “

171 2168 331 2184 —-—
343 2138 488 2216 Diogenes
503 2140 590 2197 iubis
604 2138 807 2213 Singularitie:
828 2139 868 2217 by
882 2140 916 2198 T.
931 2141 962 2197 1..
984 2143 1016 2197 4⁰
1034 2139 1127 2198 Lond.
1144 2138 1233 2199 1591.

172 2247 332 2263 -——
348 2216 463 2276 Dolirm
491 2219 630 2297 Diogenis
658 2220 786 2295 strepitu
812 2239 864 2277 suo
891 2219 1064 2277 collaborans
1091 2219 1235 2298 Dynastis

212 2295 381 2355 Christianis
396 2296 509 2354 Bellum
524 2299 554 2355 in
568 2298 594 2356 T
597 2316 679 2354 ureas
694 2298 870 2375 parantibus.
891 2300 922 2355 8⁰
945 2299 1030 2356 1594.

172 2370 380 2435 DIOGENES
397 2376 536 2433 Laertius.
557 2397 583 2434 a.
607 2394 793 2435 enarremus.
815 2396 968 2435 sereonas.
990 2382 1089 2434 runis.

172 2482 333 2499 -—-
345 2454 391 2511 De
407 2454 491 2523 Uitis,
502 2456 682 2522 Decretis&
698 2454 852 2532 ltesponsis
865 2454 1025 2513 celebrium
1042 2454 1231 2532 Philosopho-

210 2550 281 2591 rum
295 2531 373 2591 Libri
386 2530 501 2603 decern,
519 2551 600 2591 nunc
613 2535 742 2611 primurn
757 2535 866 2593 excusi.
899 2534 951 2592 Gr.
991 2535 1024 2591 4⁰
1062 2532 1228 2593 11001601.

213 2608 300 2670 1533.

488 2718 647 2735 ---
671 2709 738 2749 curn
766 2691 995 2750 annotationibus
1023 2690 1145 2751 llcnrici
1167 2692 1230 2751 ste·

211 2768 309 2847 phani.
325 2768 448 2848 Pythag.
463 2767 704 2844 Philosophorum
720 2770 901 2848 Fragmenta.
921 2772 954 2827 8⁰
973 2770 1141 2829 1001570.

171 2878 328 2896 -—-
583 2850 635 2905 Gr.
650 2847 715 2906 Lat.
737 2868 773 2908 ex
794 2848 865 2907 edit.
882 2869 913 2906 n.
938 2848 1156 2907 laeasaibont.
1198 2850 1235 2908 8·

212 2929 281 2985 Pur.
295 2945 342 3005 ap.
356 2927 397 2984 H.
412 2927 504 3002 Stept.
520 2925 607 2985 1593.

171 3038 290 3051 -—-
567 3036 725 3050 -·—-·-
738 3007 771 3063 8⁰
790 3008 858 3064 Pur.
873 3024 920 3085 up.
933 3008 974 3065 H.
990 3007 1080 3083 Stepd.
1092 3006 1178 3065 1594.

172 3114 647 3135 ·-—----·--—-
660 3084 774 3142 'l'boura
786 3085 1008 3144 Aldobrandino
1018 3090 1138 3164 interpr.
1177 3084 1233 3145 sul.

211 3162 293 3220 Rom.
308 3160 395 3220 1594.

53 3270 64 3283 .
172 3269 647 3288 -—--—-—-—
659 3262 696 3301 ex
709 3242 777 3302 edit.
793 3255 940 3322 postrema
953 3242 990 3301 Is.
1006 3242 1174 3303 Casurboui.
1199 3244 1235 3303 8⁰

215 3316 274 3377 cot.
287 3317 380 3379 Attot.
397 3318 483 3379 1615.

491 3429 646 3445 --
659 3399 774 3459 Thorna
787 3399 1004 3461 Aldobrandino
1026 3402 1144 3478 interpr.
1158 3420 1233 3461 cum

214 3480 355 3537 Annotat.
379 3476 527 3552 ejusdem:
549 3480 653 3556 quibus
675 3491 855 3539 accesserunt
878 3482 1085 3539 Annotationes
1109 3479 1147 3539 ll.
1166 3480 1235 3540 ste·

212 3557 303 3637 phani
316 3562 343 3615 dr
357 3558 506 3634 utriusque
527 3556 704 3632 Casavboni3
723 3578 791 3617 cum
806 3559 959 3617 uberrimis
972 3559 1081 3635 AEgidii
1095 3558 1234 3639 Menngii

214 3636 481 3696 Observationibus.
505 3636 589 3711 [Cum
601 3638 686 3695 Notis
698 3638 805 3714 MSS]
827 3637 878 3698 sol.
898 3639 989 3697 Load.
1003 3638 1090 3697 1664.

173 3746 806 3763 -—----·—-—--·—
820 3726 849 3776 et
866 3735 934 3775 cum
956 3716 1106 3775 Observat.
1124 3713 1233 3777 Joach.

214 3794 336 3854 Kiibnii.
357 3795 490 3852 Latinam
504 3794 652 3853 Ambrosii
667 3795 835 3855 Versionem
854 3795 1012 3875 complevit
1031 3806 1062 3855 et
1081 3795 1233 3855 illustrarit

215 3874 336 3932 Marcus
350 3872 539 3931 Meibomius.
560 3877 663 3933 2tom.
684 3875 716 3929 4⁰
735 3874 923 3935 ,10001699Ι

174 3980 568 4088 W—--m
580 3952 647 4009 Lot.
669 3952 716 4010 Fr.
737 3954 894 4015 Ambrosio
913 3957 1032 4033 interpr.
1071 3952 1122 4015 101.
1162 3952 1233 4015 Vra.

174 4137 806 4158 ---··-——--·----—
818 4112 850 4169 4⁰
870 4110 938 4173 Bos.
954 4112 1041 4174 1524.

174 4218 647 4262 ················-,.--·
658 4208 746 4265 opera
769 4190 883 4253 Ioannis
905 4192 1058 4253 Sambrci:
1086 4208 1156 4250 cum
1180 4190 1233 4251 In·

215 4266 290 4347 dice.
312 4270 343 4327 8⁰
363 4266 446 4329 Anto.
460 4286 507 4347 up.
522 4270 646 4327 Plautio.
662 4266 748 4329 1566.

1020 4346 1232 4421 DIOGENES
