2798 4912
604 346 766 429 nult

162 504 387 568 EURlPlDES.
428 499 560 562 Hecuba.
583 502 636 560 Gr.
653 504 686 560 41
705 503 812 561 Lorun.
827 498 914 560 1590.

656 580 691 639 ad
716 580 803 640 fidem
826 578 1096 658 Manuseriptorurn
1116 591 1216 636 emen·

202 668 277 734 data,
291 678 320 723 et
329 665 460 723 brevibus
475 663 559 720 Notis
570 660 814 720 Emendationum
828 662 1009 737 potissimum
1020 661 1141 719 rationes
1152 655 1216 715 red-

203 746 338 805 dentibus
352 747 503 802 instructa.
535 740 635 801 Edidit
649 740 790 799 Ricardus
803 738 920 799 Porsou.
933 737 1020 800 AM.
1058 740 1090 797 81
1128 736 1219 796 Lond.

207 824 387 884 mmm
572 896 979 958 aar.a.n0a0v.n01oe.s⁰
1002 894 1064 955 ren.
1079 894 1166 955 irre.

163 1016 321 1076 -—·-
337 981 454 1041 Hecvba
467 990 496 1039 et
510 979 662 1059 Iphigenia
672 979 701 1037 in
712 977 827 1037 Aulide.
844 978 896 1037 Gr.
911 996 963 1055 pro
974 974 1077 1034 Schola
1087 975 1224 1065 Argenti·¹

203 1083 296 1122 nem
317 1064 349 1120 8⁰
369 1058 628 1225 'Argm-l—{o-ldr.
641 1137 707 1196 Lat.
729 1134 852 1197 Erasmo
874 1134 1010 1195 Roterod.
1032 1135 1155 1211 interpr.
1191 1133 1224 1190 41

206 1220 275 1280 Bar.
289 1236 336 1297 up.
347 1220 390 1277 Io.
401 1218 487 1278 Frod.
502 1218 590 1279 1524.

403 1328 562 1344 ---
574 1295 640 1356 Lot.
654 1295 777 1355 Eranmo
786 1293 979 1355 Roterodamo
989 1294 1154 1371 interprete.
1175 1282 1225 1351 12·

207 1378 285 1436 Flor.
301 1376 388 1436 1518.

656 1456 688 1512 41
711 1452 769 1514 cot.
784 1452 866 1512 Conr.
884 1452 983 1512 Cesar.
999 1449 1086 1510 1519.

167 1566 326 1661 Σ
341 1614 473 1684 Hecuba,
488 1592 615 1683 Orestes,
628 1532 914 1672 etgl'hlglllslglldr.
931 1611 995 1669 Lat.
1010 1626 1079 1669 cum
1093 1608 1226 1670 Scholiis.

209 1692 283 1752 curd
294 1694 362 1753 Joh.
380 1695 467 1772 King.
488 1694 590 1753 sstoru.
612 1698 644 1751 81
667 1694 797 1751 Caruubr.
813 1691 901 1751 1786.

167 1804 326 1823 --—-
342 1773 475 1842 Hecuba,
495 1774 662 1840 Phoenissae,
684 1771 873 1849 Hippolytus,
896 1782 926 1830 et
949 1768 1085 1829 Baccha).
1109 1770 1160 1827 Gr.
1189 1786 1227 1828 ex

208 1852 560 1991 optipnismpxelrppgaribus
587 1851 758 1912 emendatae.
780 1849 816 1927 [d
829 1849 913 1909 Rich.
926 1850 973 1908 Fr.
989 1848 1063 1908 Phil.
1079 1848 1225 1925 Branch]

169 1935 327 2060 LE
342 1977 379 2070 lli
441 2011 451 2068 l
470 1974 529 2070 lus.
552 2011 603 2069 Gr.
627 2010 694 2071 Lot.
719 2029 738 2068 a
762 2008 837 2068 Lud.
859 2008 945 2087 Casp.
967 2006 1154 2067 Valckenaer.
1196 2008 1229 2066 41

208 2090 302 2169 arga.
316 2090 383 2149 aar.
416 2090 486 2150 ros.

658 2166 736 2226 aFr.
746 2166 824 2227 lieu.
837 2166 977 2244 Egerton.
996 2166 1029 2223 41
1043 2167 1130 2224 Oxou.
1141 2164 1229 2226 1796.

171 2278 332 2297 ·--—
343 2247 470 2306 Joeasts
484 2247 599 2326 Anguis
631 2248 748 2323 George
757 2247 939 2321 Gascoygne.
959 2247 992 2301 41
1004 2244 1047 2301 Η.
1062 2244 1229 2323 Bpnneman.

173 2354 332 2399 ‘.·······
344 2324 496 2404 Iphigenia
508 2326 538 2384 in
553 2266 668 2385 Aulide.
692 2324 745 2382 Gr.
765 2326 797 2382 41
819 2324 922 2381 lheod.
937 2320 1061 2381 Martio.

174 2434 332 2457 ———
345 2404 499 2484 Iphigenia
510 2405 541 2462 in
554 2402 681 2463 Aulide:
702 2411 731 2460 et
754 2402 904 2540 Iphigenia
918 2404 948 2459 in
962 2400 1076 2459 Tauris.
1100 2401 1151 2458 Gr.
1165 2398 1230 2461 Lat.

212 2482 355 2625 modii.
371 2485 458 2544 MSS.
471 2485 615 2543 recensuit
628 2484 655 2541 &
668 2481 789 2541 Notulas
802 2502 818 2541 a
834 2483 906 2558 jecit
918 2481 979 2540 Jer.
993 2478 1159 2540 Markland.
1199 2480 1232 2540 81

174 2672 332 2692 --—-
345 2640 463 2711 Medea,
474 2641 667 2721 Hippolytus,
679 2640 818 2711 Alcestes,
830 2638 1045 2701 Andromache.
1063 2639 1114 2698 Gr.
1131 2640 1231 2719 [corr.

215 2738 368 2781 urrunnu.
382 2723 426 2779 lie.
439 2721 634 2799 capitatim]
655 2722 687 2779 41
1110 2732 1115 2743 ·
1148 2716 1151 2721 '

174 2832 333 2850 —--
347 2798 463 2859 Medea
486 2800 538 2859 Gr.
559 2799 597 2859 ad
617 2796 707 2859 fidem
733 2799 1006 2877 Manuscriptorum
1032 2798 1185 2857 emendata
1203 2807 1234 2857 et

217 2880 352 2940 brevibus
375 2879 459 2938 Notis
477 2876 723 2938 Emendationum
741 2880 923 2957 potissimum
938 2879 1062 2935 rationes
1078 2874 1234 2936 Reddenti·

214 2962 270 3020 bus
283 2961 441 3018 instructae
462 2956 557 3017 studio
571 2956 686 3017 Ricardi
701 2959 818 3023 Porson.
838 2958 871 3016 81
893 2954 1024 3015 Contnbr.
1041 2952 1127 3013 1801.

177 3071 334 3087 --
349 3038 456 3097 Medea
478 3048 507 3095 et
528 3037 702 3096 Phoenissre.
727 3039 777 3096 Gr.
801 3036 867 3095 Eat.
888 3054 957 3094 cum
981 3033 1101 3092 Scholiis
1123 3035 1234 3093 Graecis

218 3120 347 3197 integris,
368 3119 532 3177 Commeat.
546 3118 599 3175 &c.
620 3116 716 3175 studio
730 3118 856 3194 &opera
869 3114 1086 3175 Wilhel.Piers.
1107 3116 1140 3172 81
1162 3114 1236 3172 Cun-

215 3200 287 3258 tubr.
305 3198 391 3256 1708.

175 3309 335 3326 ·-——
349 3277 475 3335 Orestes.
499 3276 550 3333 Gr.
572 3274 608 3334 ad
632 3272 719 3334 fidem
743 3275 1011 3352 Manuscriptorum
1033 3272 1186 3333 emendata
1205 3280 1235 3331 et

215 3356 352 3417 brevibus
367 3356 452 3417 Notis
463 3357 614 3414 instructa.
637 3355 670 3431 [a
680 3354 743 3413 Rie.
754 3355 891 3433 Person]
913 3356 946 3413 81
966 3352 1057 3412 Lond.
1070 3352 1156 3412 1798.

176 3435 592 3496 ——paoenissae..ur.
612 3436 643 3494 81
831 3471 832 3474 =

667 3513 703 3571 ad
715 3512 804 3571 fldem
819 3512 904 3571 MSS.
917 3511 1069 3571 emendata
1090 3519 1121 3569 et
1141 3510 1236 3571 brevi·

217 3592 273 3653 hur
286 3594 371 3653 Notis
383 3594 524 3653 instructa
540 3592 574 3669 [d
587 3592 641 3651 Ric
667 3592 802 3668 Porson].
822 3592 855 3650 81
875 3591 967 3649 lund
982 3590 1069 3649 1799.

591 3672 642 3728 Gr.
656 3672 722 3729 Lot.
736 3668 888 3729 emendata
909 3688 946 3729 ex
967 3670 1180 3749 Manuscriptis
1199 3668 1236 3727 ab

221 3750 346 3833 Hugone
360 3753 471 3811 Grutio.
491 3752 523 3810 81
542 3752 612 3808 Par.
629 3750 714 3809 1630.

401 3882 408 3887 .
495 3859 812 3875 -----
824 3846 895 3887 cum
910 3827 1005 3887 adnot.
1023 3825 1240 3899 scholiis,&c.a

224 3906 629 3989 Ludov.cnsp.Valckeuaer.
651 3911 682 3967 41
701 3910 821 3987 Franeq.
839 3907 925 3967 1755.

182 4016 342 4036 ---
353 3986 505 4079 Supplices
518 3988 667 4047 Mulieres
690 3988 742 4045 Gr.
760 3988 826 4046 Lat.
846 3985 883 4045 ad
897 3984 989 4045 Codd.
1006 3986 1091 4046 MSS.
1114 3989 1238 4048 recensi·

221 4075 286 4124 tum
301 4074 331 4123 ct
343 4064 428 4124 Notis
440 4066 619 4127 uberioribus
637 4066 821 4127 illustratum.
861 4064 986 4127 Accedit
1006 4065 1043 4125 de
1064 4068 1239 4128 Graecorum

220 4148 323 4224 quinta
335 4143 532 4205 Declinatione
545 4144 800 4227 imparisyllehiea,
810 4154 840 4205 et
850 4144 916 4204 inde
929 4144 1053 4205 formata
1069 4147 1238 4206 Latinorum

220 4226 308 4283 tertia
328 4222 458 4286 Quaestio
469 4224 678 4285 Grammatico.
717 4224 795 4285 curn
810 4225 1012 4302 Explicatione
1027 4226 1171 4285 locorum
1185 4223 1238 4285 ali·

222 4313 296 4384 quot
309 4323 347 4367 ex
360 4302 536 4367 aucurino
550 4304 662 4367 Greci·
673 4312 704 4365 et
716 4305 836 4367 Luinis.
855 4306 888 4385 41
906 4304 997 4367 horu
1013 4302 1099 4363 1768.

1015 4453 1249 4517 nundinae
